@ARTICLE{Sym_PSGRF,
    author = {J. Podolak and P. Shilane and A. Golovinskiy and S. Rusinkiewicz and T. Funkhouser},
    title = {A Planar-Reflective Symmetry Transform for 3D Shapes},
    journal = {Proceedings of ACM SIGGRAPH},
    pages = {549--559},
    year = {2006},
}

@ARTICLE{Sym_ZPA,
    author = {H. Zabrodsky and S. Peleg and and D. Avnir},
    title = {Symmetry as a Continuous Feature},
    journal = {IEEE Pattern Analysis and Machine Intelligence},
    volume = {17},
    year = {1995},
}

@ARTICLE{Sym_TW,
    author = {S. Thrun and B. Wegbreit},
    title = {Shape from Symmetry},
    journal = {Proceedings of the Tenth IEEE International Conference on Computer Vision (ICCV) },
    year = {2005},
}

@ARTICLE{Sym_MGP,
    author = {N. Mitra and L. Guibas and M. Pauly},
    title = {Partial and Approximate Symmetry Detection for 3D Geometry},
    journal = {Proceedings of ACM SIGGRAPH},
    volume = {25},
    pages = {560--568},
    year = {2006},
}

@ARTICLE{IR_Brown,
    author = {L.G. Brown},
    title = {A survey of image registration techniques},
    journal = {ACM Computing Surveys},
    volume = {24},
    pages = {326--376},
    year = {1992},
}

@ARTICLE{IR_ZF,
    author = {B. Zitova and J. Flusser},
    title = {Image Registration Methods: A Survey},
    journal = {Image and Vision Computing},
    pages = {977--1000},
    year = {2003},
}

@ARTICLE{IR_HKR,
    author = {D.P. Huttenlocher and G.A. Klanderman and W.J. Rucklidge},
    title = {Comparing images using the Hausdorff distance},
    journal = {IEEE Transactions on Pattern Analysis and Machine Intellinence},
    volume = {15},
    pages = {850--863},
    year = {1993},
}

@ARTICLE{PMB_MWH,
    author = {Pascal Mueller and Peter Wonka and Simon Haegler and Andreas Ulmer and Luc Van Gool},
    title = {Procedural Modeling Of Buildings},
    journal = {ACM Transactions on Graphics (TOG)},
    pages = {614--623},
    year = {2006},
}

@ARTICLE{PMB_WWS,
    author = {Peter Wonka and Michael Wimmer and François Sillion and William Ribarsky},
    title = {Instant Architecture},
    journal = {ACM SIGGRAPH},
    pages = {669--677},
    year = {2003},
}

@ARTICLE{PMB_PM,
    author = {Yoav I. H. Parish and Pascal M\"{u}ller},
    title = {Procedural modeling of cities},
    journal = {ACM SIGGRAPH},
    pages = {301--308},
    year = {2001},
}

@ARTICLE{RDP_LS,
    author = {L. Liu and I. Stamos},
    title = {Automatic 3D to 2D Registration for The Photorealistic Rendering of Urban Scenes},
    journal = {IEEE Computer Vision and Pattern Recognition},
    volume = {2},
    pages = {137--143},
    year = {2005},
}

@ARTICLE{RDP_LSYGS,
    author = {L. Liu and I. Stamos and G. Yu and G and Wolberg and S. Zokai},
    title = {Multiview Geometry for Texture Mapping 2D Images Onto 3D Range Data},
    journal = {IEEE Computer Vision and Pattern Recognition},
    volume = {2},
    pages = {2293--2300},
    year = {2006},
}

@ARTICLE{RDP_LRS,
    author = {Leica},
    title = {Leica Geosystems, http://hds.leica-geosystems.com/},
    year = {2001},
}

@ARTICLE{CTE_GML,
    author = {GML Homepage},
    title = {http://www.generative-modeling.org/},
}

@ARTICLE{BPA_BMRS,
    author = {F. Bernardini and J. Mittlelman and H. Rushmeir and C. Silva},
    title = {The ball-pivoting algorithm for surface reconstruction},
    journal = {IEEE Transaction on Visualization and Computer Graphics},
    volume = {5},
    pages = {349--359},
    year = {1999},
}

@ARTICLE{BPA_MVL,
    author = {E. Medeiros and L. Velho and W. Lopes},
    title = {Restricted BPA: applying ball-pivoting on the plane},
    journal = {IEEE Proceedings on Computer Graphics and Image Processing},
    pages = {372--379},
    year = {2004},
}

@ARTICLE{DP_DP,
    author = {D. Douglas and T. Peucker},
    title = {Algorithms for the reduction of the number of points required for represent a digitzed line or its caricature},
    journal = {Canadian Cartographer},
    volume = {10},
    pages = {112--122},
    year = {1973},
}

@ARTICLE{DP_WM,
    author = {S. Wu and M. R. G. Marquez},
    title = {A non-self-intersection Douglas-Peucker algorithm},
    journal = {IEEE Proceedings on Computer Graphics and Image Processing},
    pages = {60--66},
    year = {2003},
}

@ARTICLE{DP_HS,
    author = {J. Hershberge and  J. Snoeyink},
    title = {Speeding Up the Douglas-Peucker Line-Simplification Algorithm},
    journal = {Proceedings of 5th International Symposium Spatial Data Handling},
    pages = {134--143},
    year = {1992},
}

@ARTICLE{DP_OWYC,
    author = {S. Or and K. Wong and Y. Yu and M. Chang},
    title = {Highly Automatic Approach to Architectural Floorplan Image Understanding and Model Generation},
    journal = {Proceedings of Vison, Modeling, and Visualization},
    year = {2005},
}

@ARTICLE{DP_AAKMT,
    author = {B. Aronov and T. Asano and N. Katoh and K. Mehlhorn and and T. Tokuyama},
    title = {Polyline Fitting of Planar Points under Min-Sum Criteria},
    journal = {International Journal of Computational Geometry and Applications},
    volume = {16},
    pages = {97--116},
    year = {2006},
}

@ARTICLE{RE_TOGSH,
    author = {W. Thompson and J. Owen and H. J. Germain and S. R. Stark and T. C. Henderson},
    title = {Feature-Based Reverse Engineering of Mechanical Parts},
    journal = {IEEE Transactions on Robotics and Automation},
    volume = {15},
    year = {1999},
}

@ARTICLE{RE_Fisher,
    author = {Robert B. Fisher},
    title = {Applying knowledge to reverse engineering problems},
    journal = {Computer-Aided Design},
    volume = {36},
    pages = {501--510},
    year = {2004},
}

@ARTICLE{RE_CLF,
    author = {U. Castellani and S. Livatino and R. B. Fisher},
    title = {Improving Environment Modeling by Edge Occlusion Surface Completion},
    journal = {Proc. Int. Symp. on 3D Data Processing Visualization and Transmission (3DPVT)},
    pages = {672--675},
    year = {2002},
}

@ARTICLE{RE_WWLZ,
    author = {Y. F. Wu and Y. S. Wong and H. T. Loh and Y. F. Zhang},
    title = {Modeling cloud data using an adaptive slicing approach},
    journal = {Computer-Aided Design},
    volume = {36},
    pages = {231--240},
    year = {2004},
}

@ARTICLE{RE_CD,
    author = {L. D. Cohen and T. Deschamps},
    title = {Multiple contour finding and perceptual grouping using minimal paths},
    journal = {Journal of Mathematical Imaging and Vision},
    volume = {14},
    pages = {225--236},
    year = {2001},
}

@ARTICLE{RDP_RTW,
    author = {R. T. Whitaker},
    title = {A level-set approach to 3d reconstruction from range data},
    journal = {International Journal of Computer Vision},
    volume = {29},
    pages = {203--231},
    year = {1998},
}

@ARTICLE{MIR_FJS,
    author = {F. J. Sigworth},
    title = {A Maximum-Likelihood Approach to Single-Particle Image Refinement},
    journal = {Journal of Structual Biology},
    pages = {328--339},
    year = {1998},
}

@ARTICLE{MIR_BMMNB,
    author = {I. Braude and J. Marker and K. Museth and J. Nissanov and D. Breen},
    title = {Contour-Based Surface Reconstruction using Implicit Curve Fitting, and Distance Field Filtering and Interpolation},
    journal = {In Proc. International Workshop on Volume Graphic},
    pages = {95--102},
    year = {2006},
}

@ARTICLE{MIR_KL,
    author = {A. B. Konovalov and V. V. Lyubimov},
    title = {High-resolution restoration of diffuse optical images reconstructed by the photon average trajectories method},
    journal = {Society of Photo-Optical Instrumentation Engineers (SPIE) Conference Series},
    volume = {5474},
    pages = {66--79},
    year = {2004},
}

@ARTICLE{MIR_SKJ,
    author = {Alexei A. Samsonov and Eugene G. Kholmovskib and Chris R. Johnson},
    title = {Image Reconstruction from Sensitivity Encoded MRI Data Using Extrapolated Iterations of Parallel Projections onto Convex Sets},
    journal = {Medical Imaging},
    volume = {5032},
    pages = {1829--1838},
    year = {2003},
}

@ARTICLE{MIR_SMHC,
    author = {C.O.S. Sorzano and R. Marabini and G.T. Herman and J.M. Carazo},
    title = {Multiobjective algorithm parameter optimization using multivariate statistics},
    journal = {Pattern recognition},
    volume = {38},
    pages = {2587--2601},
    year = {2005},
}

@ARTICLE{MIR_BVC,
    author = {R. Barbuzza and M. V\'{e}nere and A. Clausse},
    title = {Tomographic reconstruction using heuristic Monte Carlo methods},
    journal = {Journal of Heuristics},
    volume = {13},
    pages = {227--242},
    year = {2007},
}

@ARTICLE{DIP_Pratt,
    author = {W.K. Pratt},
    title = {Digital Image Processing},
    journal = {Second Ed., Wiley, New York},
    year = {1991},
}

@ARTICLE{UM_Zakhor,
    author = {Avideh Zakhor and Christian Frueh},
    title = {Automatic 3-D Modeling of Cities with Multimodal Air and Ground Sensors},
    journal = {Multimodal Surveillance: Sensors, Algorithms, and Systems, Artech House, Boston},
    volume = {Chapter 15},
    year = {2007},
}

@ARTICLE{UM_XFTQ,
    author = {Jianxiong Xiao and Tian Fang and Ping Tan and Peng Zhao and Eyal Ofek and Long Quan},
    title = {Image-based Facade Modeling},
    journal = {SIGGRAPH Asia},
    year = {2008},
}

@ARTICLE{UM_HYN,
    author = {Jinhui Hu and Suya You and Ulrich Neumann},
    title = {Integrating LiDAR, Aerial Image and Ground Images for Complete Urban Building Modeling},
    journal = {Proceedings of the Symposium on 3D Data Processing, Visualization, and Transmission (3DPVT'06)},
    year = {2006},
    pages = {184--191},
    address = {Washington, DC, USA},
 }

@ARTICLE{BPA_GH,
    author = {Michael Garland and Paul Heckbert},
    title = {Surface Simplification Using Quadric Error Metrics},
    year = {1997},
    journal = {ACM SIGGRAPH},
 }

