@ARTICLE{Sym_PSGRF,
    author = {J. Podolak and P. Shilane and A. Golovinskiy and S. Rusinkiewicz and T. Funkhouser},
    title = {A Planar-Reflective Symmetry Transform for {3D} Shapes},
    journal = {ACM SIGGRAPH},
    pages = {549--559},
    year = {2006},
}

@ARTICLE{Sym_ZPA,
    author = {H. Zabrodsky and S. Peleg and and D. Avnir},
    title = {Symmetry as a Continuous Feature},
    journal = {IEEE Pattern Analysis and Machine Intelligence},
    volume = {17},
    year = {1995},
}

@ARTICLE{Sym_TW,
    author = {S. Thrun and B. Wegbreit},
    title = {Shape from Symmetry},
    journal = {Proc. IEEE Intl. Conf. on Computer Vision (ICCV)},
    year = {2005},
}

@ARTICLE{Sym_MGP,
    author = {N. Mitra and L. Guibas and M. Pauly},
    title = {Partial and Approximate Symmetry Detection for {3D} Geometry},
    journal = {ACM SIGGRAPH},
    volume = {25},
    pages = {560--568},
    year = {2006},
}

@ARTICLE{IR_Brown,
    author = {L.G. Brown},
    title = {A survey of image registration techniques},
    journal = {ACM Computing Surveys},
    volume = {24},
    pages = {326--376},
    year = {1992},
}

@ARTICLE{IR_ZF,
    author = {B. Zitova and J. Flusser},
    title = {Image Registration Methods: A Survey},
    journal = {Image and Vision Computing},
    pages = {977--1000},
    year = {2003},
}

@ARTICLE{IR_HKR,
    author = {D.P. Huttenlocher and G.A. Klanderman and W.J. Rucklidge},
    title = {Comparing images using the Hausdorff distance},
    journal = {IEEE Transactions on Pattern Analysis and Machine Intellinence},
    volume = {15},
    pages = {850--863},
    year = {1993},
}

@ARTICLE{PMB_MWH,
    author = {Pascal Mueller and Peter Wonka and Simon Haegler and Andreas Ulmer and Luc Van Gool},
    title = {Procedural Modeling Of Buildings},
    journal = {ACM Transactions on Graphics (TOG)},
    pages = {614--623},
    year = {2006},
}

@ARTICLE{PMB_WWS,
    author = {Peter Wonka and Michael Wimmer and François Sillion and William Ribarsky},
    title = {Instant Architecture},
    journal = {ACM SIGGRAPH},
    pages = {669--677},
    year = {2003},
}

@ARTICLE{PMB_PM,
    author = {Yoav I. H. Parish and Pascal M\"{u}ller},
    title = {Procedural modeling of cities},
    journal = {ACM SIGGRAPH},
    pages = {301--308},
    year = {2001},
}

@ARTICLE{RDP_LS,
    author = {L. Liu and I. Stamos},
    title = {Automatic {3D} to {2D} Registration for The Photorealistic Rendering of Urban Scenes},
    journal = {IEEE Computer Vision and Pattern Recognition},
    volume = {2},
    pages = {137--143},
    year = {2005},
}

@ARTICLE{RDP_LSYGS,
    author = {L. Liu and I. Stamos and G. Yu and G and Wolberg and S. Zokai},
    title = {Multiview Geometry for Texture Mapping {2D} Images Onto {3D} Range Data},
    journal = {IEEE Computer Vision and Pattern Recognition},
    volume = {2},
    pages = {2293--2300},
    year = {2006},
}

@ARTICLE{RDP_BR,
    author = {Fausto Bernardini and Holly Rushmeier},
    title = {The 3D Model Acquisition Pipeline},
    journal = {Computer Graphics Forum},
    volume = {21},
    pages = {149--172},
    year = {2003},
}

@ARTICLE{RDP_GOOGE,
    author = {Google},
    title = {Google Earth, http://www.google.com/earth/index.html},
    year = {2004},
}

@ARTICLE{RDP_MSE,
    author = {Microsoft},
    title = {Bing Maps, http://www.microsoft.com/maps/},
    year = {2008},
}

@ARTICLE{RDP_LRS,
    author = {Leica},
    title = {Leica Geosystems, http://hds.leica-geosystems.com/},
    year = {2001},
}

@ARTICLE{CTE_GML,
    author = {GML Homepage},
    title = {http://www.generative-modeling.org/},
}

@ARTICLE{IND_YC,
    author = {YouCity.},
    title = {YouCity Social Network System, http://youcity.com/},
    year = {2009},
}

@ARTICLE{IND_EW,
    author = {ClearEdge3D.},
    title = {EdgeWise, http://www.clearedge3d.com/},
    year = {2006},
}

@ARTICLE{BPA_BMRS,
    author = {F. Bernardini and J. Mittlelman and H. Rushmeir and C. Silva},
    title = {The ball-pivoting algorithm for surface reconstruction},
    journal = {IEEE Transaction on Visualization and Computer Graphics},
    volume = {5},
    pages = {349--359},
    year = {1999},
}

@ARTICLE{BPA_GH,
    author = {Michael Garland and Paul Heckbert},
    title = {Surface Simplification Using Quadric Error Metrics},
    year = {1997},
    journal = {ACM SIGGRAPH},
 }

@ARTICLE{BPA_MVL,
    author = {E. Medeiros and L. Velho and W. Lopes},
    title = {Restricted BPA: applying ball-pivoting on the plane},
    journal = {IEEE Proc. Computer Graphics and Image Processing},
    pages = {372--379},
    year = {2004},
}

@ARTICLE{DP_DP,
    author = {D. Douglas and T. Peucker},
    title = {Algorithms for the reduction of the number of points required for represent a digitzed line or its caricature},
    journal = {Canadian Cartographer},
    volume = {10},
    pages = {112--122},
    year = {1973},
}

@ARTICLE{DP_AV,
    author = {P. K. Agarwal1 and K. R. Varadarajan2},
    title = {Efficient Algorithms for Approximating Polygonal Chains},
    journal = {Discrete and Comptational Geometry},
    volume = {23},
    pages = {273--291},
    year = {2000},
}

@ARTICLE{DP_RP,
    author = {I. Reyer and M. Petrovtseva},
    title = {System of Vectorization of Binary Images},
    journal = {Pattern Recognition and Image Analysis},
    volume = {17},
    pages = {204--210},
    year = {2007},
}

@ARTICLE{DP_LC,
    author = {Shih-Chang Liang, Wen-Jan Chen},
    title = {Extraction of Line Feature in Binary Images},
    journal = {IEICE Transactions on Fundamentals of Electronics, Communications and Computer Sciences},
    volume = {E91-A},
    pages = {1890--1897},
    year = {2008},
}

@ARTICLE{DP_WM,
    author = {S. Wu and M. R. G. Marquez},
    title = {A non-self-intersection Douglas-Peucker algorithm},
    journal = {IEEE Proc. Computer Graphics and Image Processing},
    pages = {60--66},
    year = {2003},
}

@ARTICLE{DP_HS,
    author = {J. Hershberger and  J. Snoeyink},
    title = {Speeding Up the Douglas-Peucker Line-Simplification Algorithm},
    journal = {Proc. 5th International Symposium Spatial Data Handling},
    pages = {134--143},
    year = {1992},
}

@ARTICLE{DP_HS94,
    author = {J. Hershberger and  J. Snoeyink},
    title = {An O(nlogn) implementation of the Douglas-Peucker algorithm for line simplification},
    journal = {Proceedings of the tenth annual symposium on Computational geometry},
    pages = {383--384},
    year = {1994},
}

@ARTICLE{DP_OWYC,
    author = {S. Or and K. Wong and Y. Yu and M. Chang},
    title = {Highly Automatic Approach to Architectural Floorplan Image Understanding and Model Generation},
    journal = {Proc. Vison, Modeling, and Visualization},
    year = {2005},
}

@ARTICLE{DP_AAKMT,
    author = {B. Aronov and T. Asano and N. Katoh and K. Mehlhorn and and T. Tokuyama},
    title = {Polyline Fitting of Planar Points under Min-Sum Criteria},
    journal = {International Journal of Computational Geometry and Applications},
    volume = {16},
    pages = {97--116},
    year = {2006},
}

@ARTICLE{RE_TOGSH,
    author = {W. Thompson and J. Owen and H. J. Germain and S. R. Stark and T. C. Henderson},
    title = {Feature-Based Reverse Engineering of Mechanical Parts},
    journal = {IEEE Transactions on Robotics and Automation},
    volume = {15},
    year = {1999},
}

@ARTICLE{RE_Fisher,
    author = {Robert B. Fisher},
    title = {Applying knowledge to reverse engineering problems},
    journal = {Computer-Aided Design},
    volume = {36},
    pages = {501--510},
    year = {2004},
}

@ARTICLE{RE_CLF,
    author = {U. Castellani and S. Livatino and R. B. Fisher},
    title = {Improving Environment Modeling by Edge Occlusion Surface Completion},
    journal = {Proc. Int. Symp. on 3D Data Processing Visualization and Transmission (3DPVT)},
    pages = {672--675},
    year = {2002},
}

@ARTICLE{RE_WWLZ,
    author = {Y. F. Wu and Y. S. Wong and H. T. Loh and Y. F. Zhang},
    title = {Modeling cloud data using an adaptive slicing approach},
    journal = {Computer-Aided Design},
    volume = {36},
    pages = {231--240},
    year = {2004},
}

@ARTICLE{RE_CD,
    author = {L. D. Cohen and T. Deschamps},
    title = {Multiple contour finding and perceptual grouping using minimal paths},
    journal = {Journal of Mathematical Imaging and Vision},
    volume = {14},
    pages = {225--236},
    year = {2001},
}

@ARTICLE{RDP_RTW,
    author = {R. T. Whitaker},
    title = {A level-set approach to 3{D} reconstruction from range data},
    journal = {International Journal of Computer Vision},
    volume = {29},
    pages = {203--231},
    year = {1998},
}

@ARTICLE{MIR_FJS,
    author = {F. J. Sigworth},
    title = {A Maximum-Likelihood Approach to Single-Particle Image Refinement},
    journal = {Journal of Structual Biology},
    pages = {328--339},
    year = {1998},
}

@ARTICLE{MIR_BMMNB,
    author = {I. Braude and J. Marker and K. Museth and J. Nissanov and D. Breen},
    title = {Contour-Based Surface Reconstruction using Implicit Curve Fitting, and Distance Field Filtering and Interpolation},
    journal = {In Proc. International Workshop on Volume Graphic},
    pages = {95--102},
    year = {2006},
}

@ARTICLE{MIR_KL,
    author = {A. B. Konovalov and V. V. Lyubimov},
    title = {High-resolution restoration of diffuse optical images reconstructed by the photon average trajectories method},
    journal = {Society of Photo-Optical Instrumentation Engineers (SPIE) Conference Series},
    volume = {5474},
    pages = {66--79},
    year = {2004},
}

@ARTICLE{MIR_SKJ,
    author = {Alexei A. Samsonov and Eugene G. Kholmovskib and Chris R. Johnson},
    title = {Image Reconstruction from Sensitivity Encoded MRI Data Using Extrapolated Iterations of Parallel Projections onto Convex Sets},
    journal = {Medical Imaging},
    volume = {5032},
    pages = {1829--1838},
    year = {2003},
}

@ARTICLE{MIR_SMHC,
    author = {C.O.S. Sorzano and R. Marabini and G.T. Herman and J.M. Carazo},
    title = {Multiobjective algorithm parameter optimization using multivariate statistics},
    journal = {Pattern recognition},
    volume = {38},
    pages = {2587--2601},
    year = {2005},
}

@ARTICLE{MIR_BVC,
    author = {R. Barbuzza and M. V\'{e}nere and A. Clausse},
    title = {Tomographic reconstruction using heuristic Monte Carlo methods},
    journal = {Journal of Heuristics},
    volume = {13},
    pages = {227--242},
    year = {2007},
}

@ARTICLE{DIP_Pratt,
    author = {W.K. Pratt},
    title = {Digital Image Processing},
    journal = {Second Ed., Wiley, New York},
    year = {1991},
}

@ARTICLE{UM_Zakhor,
    author = {Avideh Zakhor and Christian Frueh},
    title = {Automatic {3D} Modeling of Cities with Multimodal Air and Ground Sensors},
    journal = {Multimodal Surveillance: Sensors, Algorithms, and Systems, Artech House, Boston},
    volume = {Chapter 15},
    year = {2007},
}

@ARTICLE{UM_XFTQ,
    author = {Jianxiong Xiao and Tian Fang and Ping Tan and Peng Zhao and Eyal Ofek and Long Quan},
    title = {Image-based Facade Modeling},
    journal = {ACM SIGGRAPH Asia},
    year = {2008},
}

@ARTICLE{UM_HYN,
    author = {Jinhui Hu and Suya You and Ulrich Neumann},
    title = {Integrating LiDAR, Aerial Image and Ground Images for Complete Urban Building Modeling},
    journal = {Proc. Symposium on 3D Data Processing, Visualization, and Transmission (3DPVT'06)},
    year = {2006},
    pages = {184--191},
    address = {Washington, DC, USA},
 }

@ARTICLE{AKBARZADEH06,
    author = {A. Akbarzadeh and J.-M. Frahm and P. Mordohai and B. Clipp and C. Engels and D. Gallup and P. Merrell and M. Phelps and S. Sinha and B. Talton and L. Wang and Q. Yang and H. Stewenius and R. Yang and G. Welch and H. Towles and D. Nister and M. Pollefeys},
    journal = {Proc. Symposium on 3D Data Processing, Visualization, and Transmission (3DPVT'06)},
    title = {Towards Urban {3D} Reconstruction from Video},
    pages = {1--8},
    year = {2006},
 }

@ARTICLE{YIN09,
    author = {Xuetao Yin and Peter Wonka and Anshuman Razdan},
    title = {Generating {3D} Building Models from Architectural Drawings: A Survey},
    journal = {IEEE Computer Graphics and Applications},
    pages = {20--30},
    year = {2009},
}

@ARTICLE{NE_GV,
    author = {George Vosselman},
    title = {Building Reconstruction Using Planar Faces In Very High Density Height Data},
    journal = {International Archives of Photogrammetry and Remote Sensing (IAPRS)},
    pages = {87--92},
    year = {1999},
}

@ARTICLE{NE_VD,
    author = {George Vosselman and Sander Dijkman},
    title = {3D Building Model Reconstruction From Point Clouds And Ground Plans},
    journal = {International Archives of Photogrammetry and Remote Sensing (IAPRS)},
    pages = {37--43},
    year = {2001},
}

@ARTICLE{NE_TRS,
    author = {Tahir Rabbani Shah},
    title = {Automatic Reconstruction of Industrial Installations Using Point Clouds and Images},
    journal = {Publications on Geodesy 62, Delft},
    pages = {43--44},
    year = {2006},
}

@ARTICLE{NE_MN,
    author = {Niloy Mitra and An Nguyen},
    title = {Estimating Surface Normals in Noisy Point Cloud Data},
    journal = {special issue of International Journal of Computational Geometry and Applications},
    volume = {14},
    number = {4--5},
    pages = {261--276},
    year = {2004},
}

@ARTICLE{NE_SWK,
    author = {Ruwen Schnabel and Roland Wahl and Reinhard Klein},
    title = {Efficient RANSAC for Point-Cloud Shape Detection},
    journal = {Computer Graphics Forum},
    pages = {214--226},
    year = {2007},
}

@ARTICLE{NE_PVBP,
    author = {Jann Poppinga and Narunas Vaskevicius and Andreas Birk and Kaustubh Pathak},
    title = {Fast Plane Detection and Polygonalization in noisy 3D Range Images},
    journal = {International Conference on Intelligent Robots and Systems (IROS)},
    year = {2008},
    address = {Nice, France},
}

@ARTICLE{NE_YF,
    author = {Michael Ying Yang and Wolfgang Forstner},
    title = {Plane Detection in Point Cloud Data},
    journal = {Technical Report, University of Bonn},
    year = {2010},
}

@ARTICLE{Hough,
    author = {P. V. C. Hough},
    title = {Method and Means for Recognizing Complex Patterns},
    journal = {U.S. Patent 3.069.654},
    year = {1962},
}

@ARTICLE{RANSAC,
    author = {M. Fischler and R. Bolles},
    title = {Random Sample Consensus: A Paradigm for Model Fitting with Applications to Image Analysis and Automated Cartography.},
    journal = {Communications of the ACM},
    pages = {281--395},
    year = {1981},
}

@ARTICLE{book_tv,
    author = {Emanuele Trucco and Alessandro Verri},
    title = {Introductory Techniques for 3-D Computer Vision},
    journal = {Prentice Hall},
    year = {1998},
}

@ARTICLE{book_gw,
    author = {Rafael C. Gonzalez and Richard E. Woods},
    title = {Digital Image Processing},
    journal = {Prentice Hall, Second Edition},
    year = {2002},
}

@ARTICLE{book_fp,
    author = {David A. Forsyth and Jean Ponce},
    title = {Computer Vision - A Modern Approach},
    journal = {Prentice Hall},
    year = {2003},
}

@ARTICLE{TSI_IB,
    author = {Irving Biederman},
    title = {Recognition-by-Components: A Theory of Human Image Understanding},
    journal = {Psychological Review},
    year = {1987},
    volume = {94},
    pages = {115--147},
}

@ARTICLE{TSI_AHB,
    author = {Alan H. Barr},
    title = {Superquadrics and Angle-Preserving Transformations},
    journal = {Computer Graphics and Applications},
    year = {1981},
    volume = {1},
    pages = {11--23},
}

@ARTICLE{TSI_AHB2,
    author = {Alan H. Barr},
    title = {Global and Local Deformations of Solid Primitives},
    journal = {ACM SIGGRAPH},
    pages = {21--30},
    year = {1984},
}

@ARTICLE{TSI_ZY,
    author = {Chao Zhang and Baozong Yuan},
    title = {Representation and reconstrution of 3-D objects using nonlinear deformable},
    journal = {IAPR Workshop on Machine Vision Applications},
    year = {1992},
}

@ARTICLE{TSI_CJB,
    author = {Laurent Chevalier and Fabrice Jaillet and Atilla Baskurt},
    title = {Segmentation and superquadric modeling of 3D objects},
    journal = {WSCG'03},
    year = {2003},
    volume = {11},
}

@ARTICLE{TSI_LJS,
    author = {Ales Leonardis and Ales Jaklic and Franc Solina},
    title = {Superquadrics for Segmenting and Modeling Range Data},
    journal = {IEEE Transactions on Pattern Analysis and Machine Intelligence},
    year = {1997},
    volume = {19},
    pages = {1289--1295},
}

@ARTICLE{TSI_ZK,
    author = {Lin Zhou and Chandra Kambhamettu},
    title = {Extending Superquadrics with Exponent Functions: Modeling and Reconstruction},
    journal = {Proceedings of Computer Vision and Pattern Recognition},
    year = {1999},
    pages = {73--78},
}

@ARTICLE{TSI_TB,
    author = {T.O. Binford},
    title = {Visual perception by computer},
    journal = {Proceedings of the IEEE Conference on Systems and Control},
    year = {1971},
}

@ARTICLE{WDD_LN,
    author = {Sung Chun Lee and Ram Nevatia},
    title = {Extraction and Integration of Window in a 3D Building Model from Ground View images},
    journal = {Proceedings of Computer Society Conference on Computer Vision and Pattern Recognition},
    year = {2004},
}

@ARTICLE{WDD_TKKJ,
    author = {Hoang-Hon Trinh and Dae-Nyeon Kim and Suk-Ju Kang and Kang-Hyun Jo},
    title = {Window Extraction Using Geometrical Characteristics of Building Surface},
    journal = {Springer-Verlag Berlin Heidelberg},
    year = {2009},
    pages = {585--594},
}

@ARTICLE{WDD_FF,
    author = {Petko Faber and Bob Fisher},
    title = {How can we exploit typical architectural structures to improve model recovery?},
    journal = {3D Data Processing Visualization and Transmission (3DPVT)},
    year = {2002},
    pages = {824--833},
}

@ARTICLE{WDD_SV,
    author = {Ildiko Suveg and George Vosselman},
    title = {Knowledge Based Reconstruction of Buildings},
    journal = {International Conference on Image Analysis and Processing (ICIAP)},
    year = {2001},
    pages = {484--489},
}}

@ARTICLE{WDD_BBH,
    author = {Jan Bohm and Susanne Becker and Norbert Haala},
    title = {Model Refinement by Integrated Processing of Laser Scanning and Photogrammetry},
    journal = {ISPRS International Workshop 3D-Arch 2007 (3D Virtual Reconstruction and Visualization of Complex Architectures)},
    year = {2007},
}

@ARTICLE{WDD_PV,
    author = {Shi Pu and George Vosselman},
    title = {Extracting Windows From Terrestrial Laser Scanning},
    journal = {ISPRS Workshop on Laser Scanning},
    year = {2007},
    pages = {320--325},
}

@ARTICLE{NE_KD,
    author = {Sunil Arya and David M. Mount and Nathan S. Netanyahu and Ruth Silverman and Ruth Silverman},
    title = {An Optimal Algorithm For Approximate Nearest Neighbor Searching Fixed Dimensions},
    journal = {Journal of ACM},
    year = {1998},
    volume = {45(6)},
    pages = {891--923},
}

@ARTICLE{MS_HSSB,
    author = {Mike Heath and Sudeep Sarkar and Thomas Sanocki and Kevin Bowyery},
    title = {Comparison of Edge Detectors a Methodology And Initial Study},
    journal = {Computer Vision and Image Understanding},
    volume = {69},
    year = {1998},
    pages = {68--54},
}

@ARTICLE{MS_JB,
    author = {Xiaoyi Jiang and Horst Bunke},
    title = {Edge Detection in Range Images Based on Scan Line Approximation},
    journal = {Computer Vision and Image Understanding},
    year = {1999},
    volume = {73},
    pages = {183--199},
}

@ARTICLE{MS_SD,
    author = {Angel D. Sappa and Michel Devy},
    title = {Fast Range Image Segmentation By an Edge Detection Strategy},
    journal = {Proceedings of 3nd International Conference on 3-D Digital Imaging and Modeling},
    year = {2001},
    pages = {292--299},
}

@ARTICLE{MS_XW,
    author = {Rihua Xiang and Runsheng Wang},
    title = {Range image segmentation based on split-merge clustering},
    journal = {Proceedings of the 17th International Conference on Pattern Recognition},
    year = {2004},
    volume = {3},
    pages = {614--617},
}

@ARTICLE{MS_PV,
    author = {Shi Pu and George Vosselman},
    title = {Automatic Extraction of Building Features from Terrestrial Laser Scanning},
    journal = {International Archives of Photogrammetry, Remote Sensing and Spatial Information Sciences},
    year = {2006},
    volume = {36},
    pages = {254--258},
}

@ARTICLE{MS_RHV,
    author = {T. Rabbani and F. A. van den Heuvel and G. Vosselman},
    title = {Segmentation of Point Clouds Using Smoothness Constraints},
    journal = {International Archives of Photogrammetry, Remote Sensing and Spatial Information Sciences},
    year = {2006},
    volume = {36},
    pages = {248--253},
}

@ARTICLE{MS_KMK,
    author = {Inas Khalifa and Medhat Moussa and Mohamed Kamel},
    title = {Range Image Segmentation Using Local Approximation of Scan Lines with Application to CAD Model Acquisition},
    journal = {Machine Vision and Applications},
    year = {2003},
    volume = {13},
    pages = {263--274},
}

@ARTICLE{MS_JBU,
    author = {Xiaoyi Jiang and Horst Bunke},
    title = {Fast Segmentation of Range Images into Planar Regions by Scan Line Grouping},
    journal = {Machine Vision and Applications},
    year = {1994},
    volume = {7},
    pages = {115--122},
}

@ARTICLE{MS_SV,
    author = {George Sithole and George Vosselman},
    title = {Automatic structure detection in a point cloud of an urban landscape},
    journal = {Proceedings of 2nd GRSS/ISPRS Joint Workshop on Remote Sensing and Data Fusion over Urban Areas},
    year = {2003},
    pages = {67--71},
}

@ARTICLE{MS_HOO,
    author = {Adam Hoover and Gillian Jean-Baptiste and Xiaoyi Jiang and Patrick J. Flynn and Horst Bunke and Dmitry B. Goldgof and Kevin Bowyer  and David W. Eggert and Andrew Fitzgibbon and Robert B. Fisher},
    title = {An Explerimental Comparison of Range Image Segmentation Algorithms},
    journal = {IEEE Transactions on Pattern Analysis and Machine Intelligence},
    year = {1996},
    volume = {18},
    pages = {673--689},
}

@ARTICLE{MS_SM,
    author = {Jianbo Shi and Jitendra Malik},
    title = {Normalized cuts and image segmentation},
    journal = {IEEE Transactions on Pattern Analysis and Machine Intelligence},
    year = {2000},
    volume = {22},
    number = {8},
    pages = {888--905},
}

@ARTICLE{MS_HK,
    author = {Y. Haxhimusa and W.G. Kropatsch},
    title = {Hierarchy of Partitions with Dual-graph Contraction},
    journal = {Proceedings of German Pattern Recognition Symposium},
    year = {2003},
    pages = {338--345},
}

@ARTICLE{MS_KS,
    author = {Klaus Koster and Michael Spann},
    title = {MIR: An Approach to Robust Clustering - Application to Range Image Segmentation},
    journal = {IEEE Transactions on Pattern Analysis and Machine Intelligence},
    volume = {22},
    number = {5},
    year = {2000},
    pages = {430--444},
}
 
@ARTICLE{MS_SZ,
    author = {David Sedlacek and Jiri Zara},
    title = {Graph Cut Based Point-Cloud Segmentation for Polygonal Reconstruction},
    journal = {Proceedings of the 5th International Symposium on Advances in Visual Computing},
    year = {2009},
    pages = {218--227},
    location = {Las Vegas, Nevada},
}
 
@ARTICLE{MS_BK,
    author = {Yuri Boykov and Vladimir Kolmogorov},
    title = {An Experimental Comparison of Min-Cut/Max-Flow Algorithms for Energy Minimization in Vision},
    journal = {IEEE Transactions on Pattern Analysis and Machine Intelligence},
    volume = {26},
    number = {9},
    year = {2004},
    pages = {1124--1137},
}

@ARTICLE{MS_YXNSC,
    author = { Xiaoru Yuan and Hui Xu and Minh X. Nguyen and Amit Shesh and Baoquan Chen},
    title = {Sketch-based Segmentation of Scanned Outdoor Environment Models},
    journal = {Eurographics workshop on sketch-based interfaces and modleing},
    year = {2005},
    pages = {218--227},
}

@ARTICLE{LS_GAL,
    author = {Pablo Rodriguez Gonzalvez and Diego Gonzalez Aguilera and Javier Gomez Lahoz},
    title = {From Point Cloud To Surface: Modeling Structures In Laser Scanner Point Clouds},
    journal = {ISPRS Workshop on Laser Scanning},
    year = {2007},
    pages = {338--344},
}

@ARTICLE{LS_BH,
    author = {Susanne Becker and Norbert Haala},
    title = {Combined Feature Extraction For Facade Reconstruction},
    journal = {ISPRS Workshop on Laser Scanning},
    year = {2007},
    pages = {241--247},
}

@ARTICLE{MLS01,
    author = {David Levin},
    title = {The Approximation Power of Moving Least-Squares},
    journal = {Mathematics of Computation},
    year = {1998},
    pages = {1517--1531},
}

@ARTICLE{MLS02,
    author = {Zhiquan Cheng and YZ Wang and B. Li and K. Xu and G. Dang and SY Jin},
    title = {A survey of methods for moving least squares surfaces},
    journal = {Proc. IEEE/EG Symp. Volume and Point-Based Graphics},
    year = {2008},
    pages = {21--35},
}

@ARTICLE{MLS03,
    author = {Marc Alex and Johannes Behr and Daniel Cohen-Or and Shachar Fleishman and David Levin and	Claudio T. Silva},
    title = {Computing and Rendering Point Set Surfaces},
    journal = {IEEE Transactions on Visualization and Computer Graphics},
    volume = {9},
    number = {1},
    year = {2003},
    pages = {3--15},
}

@ARTICLE{DIP_VW,
    author = {Paul Viola and William M. Wells},
    title = {Alignment by Maximization of Mutual Information},
    journal = {International Journal of Computer Vision},
    volume = {24},
    number = {2},
    year = {1997},
    pages = {137--154},
}

@ARTICLE{DIP_WZ,
    author = {George Wolberg and Siavash Zokai},
    title = {Robust Image Registration Using Log-polar Transform},
    journal = {International Conference on Image Processing},
    year = {2000},
    pages = {12--15},
}

@ARTICLE{RW_THALL,
    author = {Pingbo Tang and Daniel Huber and Burcu Akinci and Robert Lipman and Alan Lytle},
    title = {Automatic reconstruction of as-built building information models from laser-scanned point clouds: A review of related techniques},
    journal = {Automation in Construction},
    volume = {19},
    number = {7},
    year = {2010},
    pages = {829--843},
}

@ARTICLE{RW_TMT,
    author = {Alexander Toshev and Philippos Mordohai and Ben Taskar},
    title = {Detecting and Parsing Architecture at City Scale from Range Data},
    journal = {IEEE Computer Vision and Pattern Recognition},
    year = {2010},
    pages = {398--405},
}

@ARTICLE{RW_HDP,
    author = {Karim Hammoudi and Fadi Dornaika and Nicolas Paparoditis},
    title = {Extracting Building Footprints From 3D Point Clouds Using Terrestrial Laser Scanning at Street Level},
    journal = {International Archives of Photogrammetry and Remote Sensing (IAPRS)},
    pages = {32--37},
    year = {2009},
}

@ARTICLE{RW_JZ,
    author = {Matthew Johnston and Avideh Zakhor},
    title = {Estimating Building Floor Plans From Exterior Using Laser Scanners},
    journal = {Society of Photo-Optical Instrumentation Engineers (SPIE) Conference Series},
    volume = {6815},
    year = {2008},
    pages = {137--147},
}

@ARTICLE{RW_VAB,
    author = {Carlos Vanegas and Daniel Aliaga and Bedrich Benes},
    title = {Building Reconstruction using Manhattan-World Grammars},
    journal = {IEEE Computer Vision and Pattern Recognition},
    year = {2010},
    pages = {358--365},
}

@ARTICLE{MS_HMP,
    author = {Jorge Hernandez and Beatriz Marcotegui},
    title = {Point Cloud Segmentation towards Urban Ground Modeling},
    journal = {IEEE Joint Urban Remote Sensing Event},
    year = {2009},
    pages = {1--5},
}

@ARTICLE{Stamos08,
    author = {Ioannis Stamos and Lingyun Liu and Chao Chen and George Wolberg and Gene Yu and Siavash Zokai},
    title = {Integrating Automated Range Registration with Multiview Geometry for the Photorealistic Modeling of Large-Scale Scenes},
    journal = {International Journal of Computer Vision},
    volume  = 78,
    number  = "2-3",
    year = {2008},
    pages = {237--260},
}

@ARTICLE{Okorn10,
    author = "Okorn, B. and Xiong, X. and Akinci, B. and Huber, D.",
    title = "Toward Automated Modeling of Floor Plans",
    journal = {Proc. Int. Symp. on 3D Data Processing Visualization and Transmission (3DPVT)},
    year = 2010
}

